<?xml version="1.0" encoding="UTF-8"?><collection xmlns="http://www.loc.gov/MARC21/slim"><record><leader>00426nam--2200133-i-4500</leader><controlfield tag="001">000001582</controlfield><controlfield tag="002">20161230</controlfield><controlfield tag="005">20161230201024</controlfield><controlfield tag="008">060222s1000------------r-----000-0-eng-d</controlfield><datafield ind1=" " ind2=" " tag="080"><subfield code="a">621.38</subfield></datafield><datafield ind1=" " ind2=" " tag="100"><subfield code="a">Girard,M,. Masselot, Gh</subfield></datafield><datafield ind1=" " ind2=" " tag="245"><subfield code="a">Electronique non lineaire.cours et travaux diriges. amplificateurs de puissance.circuits a impulsions.transmission d ine information</subfield></datafield><datafield ind1=" " ind2=" " tag="260"><subfield code="a">Paris, Masson, 1978. 158 P</subfield></datafield><datafield ind1=" " ind2=" " tag="852"><subfield code="a">45293</subfield></datafield></record></collection>